{
  "leader": "03011cam a2200445 a 4500",
  "fields": [
    {
      "001": "ocm37870730\\"
    },
    {
      "003": "OCoLC"
    },
    {
      "005": "20220630113144.0"
    },
    {
      "008": "971023s1998\\\\\\\\ctu\\\\\\\\\\\\b\\\\\\\\001\\0\\eng\\\\"
    },
    {
      "010": {
        "ind1": "\\",
        "ind2": "\\",
        "subfields": [
          {
            "a": "   97044949 "
          }
        ]
      }
    },
    {
      "040": {
        "ind1": "\\",
        "ind2": "\\",
        "subfields": [
          {
            "a": "DLC"
          },
          {
            "b": "eng"
          },
          {
            "c": "DLC"
          },
          {
            "d": "C#P"
          },
          {
            "d": "VVC"
          },
          {
            "d": "UKM"
          },
          {
            "d": "BAKER"
          },
          {
            "d": "BTCTA"
          },
          {
            "d": "YDXCP"
          },
          {
            "d": "GEBAY"
          },
          {
            "d": "NIE"
          },
          {
            "d": "VRC"
          },
          {
            "d": "BDX"
          },
          {
            "d": "OCLCF"
          },
          {
            "d": "OCLCQ"
          },
          {
            "d": "CNCLB"
          },
          {
            "d": "OCLCO"
          }
        ]
      }
    },
    {
      "015": {
        "ind1": "\\",
        "ind2": "\\",
        "subfields": [
          {
            "a": "GB9866508"
          },
          {
            "2": "bnb"
          }
        ]
      }
    },
    {
      "019": {
        "ind1": "\\",
        "ind2": "\\",
        "subfields": [
          {
            "a": "40052479"
          }
        ]
      }
    },
    {
      "020": {
        "ind1": "\\",
        "ind2": "\\",
        "subfields": [
          {
            "a": "0300069928"
          },
          {
            "q": "(cloth ;"
          },
          {
            "q": "alk. paper)"
          }
        ]
      }
    },
    {
      "020": {
        "ind1": "\\",
        "ind2": "\\",
        "subfields": [
          {
            "a": "9780300069921"
          },
          {
            "q": "(cloth ;"
          },
          {
            "q": "alk. paper)"
          }
        ]
      }
    },
    {
      "035": {
        "ind1": "\\",
        "ind2": "\\",
        "subfields": [
          {
            "a": "(OCoLC)37870730"
          },
          {
            "z": "(OCoLC)40052479"
          }
        ]
      }
    },
    {
      "043": {
        "ind1": "\\",
        "ind2": "\\",
        "subfields": [
          {
            "a": "n-us---"
          }
        ]
      }
    },
    {
      "050": {
        "ind1": "0",
        "ind2": "0",
        "subfields": [
          {
            "a": "LC213.2"
          },
          {
            "b": ".S76 1998"
          }
        ]
      }
    },
    {
      "082": {
        "ind1": "0",
        "ind2": "0",
        "subfields": [
          {
            "a": "379.260973"
          },
          {
            "b": "STR"
          }
        ]
      }
    },
    {
      "245": {
        "ind1": "0",
        "ind2": "0",
        "subfields": [
          {
            "a": "Strategies for school equity :"
          },
          {
            "b": "creating productive schools in a just society /"
          },
          {
            "c": "edited by Marilyn J. Gittell."
          }
        ]
      }
    },
    {
      "260": {
        "ind1": "\\",
        "ind2": "\\",
        "subfields": [
          {
            "a": "New Haven :"
          },
          {
            "b": "Yale University Press,"
          },
          {
            "c": "\u00a91998."
          }
        ]
      }
    },
    {
      "300": {
        "ind1": "\\",
        "ind2": "\\",
        "subfields": [
          {
            "a": "xii, 257 pages ;"
          },
          {
            "c": "25 cm"
          }
        ]
      }
    },
    {
      "336": {
        "ind1": "\\",
        "ind2": "\\",
        "subfields": [
          {
            "a": "text"
          },
          {
            "b": "txt"
          },
          {
            "2": "rdacontent"
          }
        ]
      }
    },
    {
      "337": {
        "ind1": "\\",
        "ind2": "\\",
        "subfields": [
          {
            "a": "unmediated"
          },
          {
            "b": "n"
          },
          {
            "2": "rdamedia"
          }
        ]
      }
    },
    {
      "338": {
        "ind1": "\\",
        "ind2": "\\",
        "subfields": [
          {
            "a": "volume"
          },
          {
            "b": "nc"
          },
          {
            "2": "rdacarrier"
          }
        ]
      }
    },
    {
      "504": {
        "ind1": "\\",
        "ind2": "\\",
        "subfields": [
          {
            "a": "Includes bibliographical references and index."
          }
        ]
      }
    },
    {
      "505": {
        "ind1": "0",
        "ind2": "0",
        "subfields": [
          {
            "t": "Post-Brown school finance reform /"
          },
          {
            "r": "Kirk Vandersall --"
          },
          {
            "t": "School finance reform and the Alabama experience /"
          },
          {
            "r": "Helen Hershkoff --"
          },
          {
            "t": "Intradistrict resource disparities: a problem crying out for a solution /"
          },
          {
            "r": "Peter D. Roos --"
          },
          {
            "t": "More than equal: New Jersey's Quality Education Act /"
          },
          {
            "r": "Thomas Corcoran and Nathan Scovronick --"
          },
          {
            "t": "The courts and equity: a state by state overview --"
          },
          {
            "t": "The role of state legislatures in school finance reform: looking backward and looking ahead /"
          },
          {
            "r": "John Augenblick --"
          },
          {
            "t": "Steady work: the courts and school finance reform in New Jersey /"
          },
          {
            "r": "Margaret E. Goertz --"
          },
          {
            "t": "Charter schools and tax reform in Michigan /"
          },
          {
            "r": "Thomas Vitullo-Martin --"
          },
          {
            "t": "Necessary but not sufficient: moving from school finance reform to education reform in Washington State /"
          },
          {
            "r": "Martha Darling --"
          },
          {
            "t": "School reform in New York and Chicago: revisiting the ecology of local games /"
          },
          {
            "r": "Marilyn Gittell --"
          },
          {
            "t": "Linking civic capacity and human capital formation /"
          },
          {
            "r": "Clarence N. Stone --"
          },
          {
            "t": "Power and perseverance: organizing for change in Texas /"
          },
          {
            "r": "Albert Cortez --"
          },
          {
            "t": "The Prichard Commission and Kentucky school reform /"
          },
          {
            "r": "Robert F. Sexton --"
          },
          {
            "t": "Advocacy to restructure the Chicago public schools through state legislation /"
          },
          {
            "r": "Donald R. Moore --"
          },
          {
            "t": "Conclusion: creating a school reform agenda for the twenty-first century /"
          },
          {
            "r": "Marilyn Gittell."
          }
        ]
      }
    },
    {
      "650": {
        "ind1": "\\",
        "ind2": "0",
        "subfields": [
          {
            "a": "Educational equalization"
          },
          {
            "z": "United States."
          }
        ]
      }
    },
    {
      "650": {
        "ind1": "\\",
        "ind2": "0",
        "subfields": [
          {
            "a": "Education, Urban"
          },
          {
            "z": "United States."
          }
        ]
      }
    },
    {
      "650": {
        "ind1": "\\",
        "ind2": "0",
        "subfields": [
          {
            "a": "Education"
          },
          {
            "z": "United States"
          },
          {
            "x": "Finance."
          }
        ]
      }
    },
    {
      "650": {
        "ind1": "\\",
        "ind2": "0",
        "subfields": [
          {
            "a": "School management and organization"
          },
          {
            "z": "United States."
          }
        ]
      }
    },
    {
      "650": {
        "ind1": "\\",
        "ind2": "7",
        "subfields": [
          {
            "a": "Education"
          },
          {
            "x": "Finance."
          },
          {
            "2": "fast"
          },
          {
            "0": "(OCoLC)fst00902637"
          }
        ]
      }
    },
    {
      "650": {
        "ind1": "\\",
        "ind2": "7",
        "subfields": [
          {
            "a": "Education, Urban."
          },
          {
            "2": "fast"
          },
          {
            "0": "(OCoLC)fst00903310"
          }
        ]
      }
    },
    {
      "650": {
        "ind1": "\\",
        "ind2": "7",
        "subfields": [
          {
            "a": "Educational equalization."
          },
          {
            "2": "fast"
          },
          {
            "0": "(OCoLC)fst00903418"
          }
        ]
      }
    },
    {
      "650": {
        "ind1": "\\",
        "ind2": "7",
        "subfields": [
          {
            "a": "School management and organization."
          },
          {
            "2": "fast"
          },
          {
            "0": "(OCoLC)fst01107575"
          }
        ]
      }
    },
    {
      "651": {
        "ind1": "\\",
        "ind2": "7",
        "subfields": [
          {
            "a": "United States."
          },
          {
            "2": "fast"
          },
          {
            "0": "(OCoLC)fst01204155"
          }
        ]
      }
    },
    {
      "700": {
        "ind1": "1",
        "ind2": "\\",
        "subfields": [
          {
            "a": "Gittell, Marilyn."
          }
        ]
      }
    },
    {
      "994": {
        "ind1": "\\",
        "ind2": "\\",
        "subfields": [
          {
            "a": "Z0"
          },
          {
            "b": "NYRVC"
          }
        ]
      }
    },
    {
      "948": {
        "ind1": "\\",
        "ind2": "\\",
        "subfields": [
          {
            "h": "NO HOLDINGS IN NYRVC - 374 OTHER HOLDINGS"
          }
        ]
      }
    },
    {
      "999": {
        "ind1": "\\",
        "ind2": "\\",
        "subfields": [
          {
            "a": "00000000019034"
          }
        ]
      }
    }
  ]
}